@phdthesis{scibior2019formally,
  title={Formally justified and modular Bayesian inference for probabilistic programs},
  author={{\'S}cibior, Adam Micha{\l}},
  year={2019},
  school={University of Cambridge}
}
@article{goodman2012church,
  title={Church: a language for generative models},
  author={Goodman, Noah and Mansinghka, Vikash and Roy, Daniel M and Bonawitz, Keith and Tenenbaum, Joshua B},
  journal={arXiv preprint arXiv:1206.3255},
  year={2012}
}
@inproceedings{scibior2015practical,
  title={Practical probabilistic programming with monads},
  author={{\'S}cibior, Adam and Ghahramani, Zoubin and Gordon, Andrew D},
  booktitle={ACM SIGPLAN Notices},
  volume={50},
  number={12},
  pages={165--176},
  year={2015},
  organization={ACM}
}
